@inproceedings{Burke2014,
    title = {{Intent Recognition and Temporal Relaxation in Human Robot Assembly}},
    year = {2014},
    author = {Burke, Sean and Fernandez, Enrique and Figueredo, Luis and Hofmann, Andreas and Hofmann, Christopher and Karpas, Erez and Levine, Steve and Santana, Pedro and Yu, Peng and Williams, Brian},
    booktitle={ICAPS Demo Track}
}

@inproceedings{Timmons2015,
    title = {Reactive Model-based Programming of Micro-UAVs},
    year = {2015},
    author = {Timmons, Eric and Fang, Cheng and Fernandez-Gonzalez, Enrique and Karpas, Erez and Levine, Steven J. and  Santana, Pedro, and Wang, Andrew J. and Wang, David and Yu, Peng and Williams, Brian C.},
    booktitle={ICAPS Demo Track}
}

@inproceedings{little2007probabilistic,
  title={Probabilistic planning vs. replanning},
  author={Little, Iain and Thiebaux, Sylvie},
  booktitle={ICAPS Workshop on IPC: Past, Present and Future},
  year=2007
}


@inproceedings{Karpas2015,
  author    = {Erez Karpas and
               Steven James Levine and
               Peng Yu and
               Brian Charles Williams},
  title     = {Robust Execution of Plans for Human-Robot Teams},
  booktitle = {Proceedings of the Twenty-Fifth International Conference on Automated
               Planning and Scheduling, {ICAPS} 2015, Jerusalem, Israel, June 7-11,
               2015},
  pages     = {342--346},
  year      = {2015}
}

@inproceedings{srivastava2007domain,
  author    = {Biplav Srivastava and
               Tuan Anh Nguyen and
               Alfonso Gerevini and
               Subbarao Kambhampati and
               Minh Binh Do and
               Ivan Serina},
  title     = {Domain Independent Approaches for Finding Diverse Plans},
  booktitle = {{IJCAI} 2007, Proceedings of the 20th International Joint Conference
               on Artificial Intelligence, Hyderabad, India, January 6-12, 2007},
  pages     = {2016--2022},
  year      = {2007},
}


@article{nguyen2012generating,
  author    = {Tuan Anh Nguyen and
               Minh Binh Do and
               Alfonso Gerevini and
               Ivan Serina and
               Biplav Srivastava and
               Subbarao Kambhampati},
  title     = {Generating diverse plans to handle unknown and partially known user
               preferences},
  journal   = {Artif. Intell.},
  volume    = {190},
  pages     = {1--31},
  year      = {2012},
}


@inproceedings{bryce2014landmark,
  author    = {Daniel Bryce},
  title     = {Landmark-Based Plan Distance Measures for Diverse Planning},
  booktitle = {Proceedings of the Twenty-Fourth International Conference on Automated
               Planning and Scheduling, {ICAPS} 2014, Portsmouth, New Hampshire,
               USA, June 21-26, 2014},
  year      = {2014},
}

@article{dechter1991temporal,
  author    = {Rina Dechter and
               Itay Meiri and
               Judea Pearl},
  title     = {Temporal Constraint Networks},
  journal   = {Artif. Intell.},
  volume    = {49},
  number    = {1-3},
  pages     = {61--95},
  year      = {1991},
}


@inproceedings{hoffmann2005contingent,
  title={Contingent planning via heuristic forward search with implicit belief states},
  author={Hoffmann, J{\"o}rg and Brafman, Ronen},
  booktitle={Proc. ICAPS},
  volume={2005},
  year={2005}
}

@article{fox2003pddl2,
  author    = {Maria Fox and
               Derek Long},
  title     = {{PDDL2.1:} An Extension to {PDDL} for Expressing Temporal Planning
               Domains},
  journal   = {J. Artif. Intell. Res.},
  volume    = {20},
  pages     = {61--124},
  year      = {2003},
}


@inproceedings{katz2018novel,
  author    = {Michael Katz and
               Shirin Sohrabi and
               Octavian Udrea and
               Dominik Winterer},
  title     = {A Novel Iterative Approach to Top-k Planning},
  booktitle = {Proceedings of the Twenty-Eighth International Conference on Automated
               Planning and Scheduling, {ICAPS} 2018, Delft, The Netherlands, June
               24-29, 2018},
  pages     = {132--140},
  year      = {2018},
}

@article{levine2018watching,
  author    = {Steven James Levine and
               Brian Charles Williams},
  title     = {Watching and Acting Together: Concurrent Plan Recognition and Adaptation
               for Human-Robot Teams},
  journal   = {J. Artif. Intell. Res.},
  volume    = {63},
  pages     = {281--359},
  year      = {2018},
}

@phdthesis{conrad2010flexible,
  title={Flexible execution of plans with choice and uncertainty},
  author={Conrad, Patrick Raymond},
  year={2010},
  school={Massachusetts Institute of Technology}
}


@inproceedings{benton2012temporal,
  author    = {J. Benton and
               Amanda Jane Coles and
               Andrew Coles},
  title     = {Temporal Planning with Preferences and Time-Dependent Continuous Costs},
  booktitle = {Proceedings of the Twenty-Second International Conference on Automated
               Planning and Scheduling, {ICAPS} 2012, Atibaia, S{\~{a}}o Paulo, Brazil,
               June 25-19, 2012},
  year      = {2012},
}


@article{ingham2001reactive,
  title={A reactive model-based programming language for robotic space explorers},
  author={Ingham, Michel and Ragno, Robert and Williams, Brian C},
  journal={Proceedings of ISAIRAS-01},
  year={2001}
}

@inproceedings{yoon2007ff,
  author    = {Sung Wook Yoon and
               Alan Fern and
               Robert Givan},
  title     = {FF-Replan: {A} Baseline for Probabilistic Planning},
  booktitle = {Proceedings of the Seventeenth International Conference on Automated
               Planning and Scheduling, {ICAPS} 2007, Providence, Rhode Island, USA,
               September 22-26, 2007},
  pages     = {352},
  year      = {2007},
}

@inproceedings{kim2001executing,
  author    = {Phil Kim and
               Brian C. Williams and
               Mark Abramson},
  title     = {Executing Reactive, Model-based Programs through Graph-based Temporal
               Planning},
  booktitle = {Proceedings of the Seventeenth International Joint Conference on Artificial
               Intelligence, {IJCAI} 2001, Seattle, Washington, USA, August 4-10,
               2001},
  pages     = {487--493},
  year      = {2001},
}


@article{katz2019reshaping,
  title={Reshaping Diverse Planning: Let There Be Light!},
  author={Katz, Michael and Sohrabi, Shirin},
  journal={HSDIP 2019},
  pages={1},
  year={2019}
}

@inproceedings{harvey1995limited,
  title={Limited discrepancy search},
  author={Harvey, William D and Ginsberg, Matthew L},
  booktitle={IJCAI (1)},
  pages={607--615},
  year={1995}
}

@inproceedings{nethercote2007minizinc,
  author    = {Nicholas Nethercote and
               Peter J. Stuckey and
               Ralph Becket and
               Sebastian Brand and
               Gregory J. Duck and
               Guido Tack},
  title     = {MiniZinc: Towards a Standard {CP} Modelling Language},
  booktitle = {Principles and Practice of Constraint Programming - {CP} 2007, 13th
               International Conference, {CP} 2007, Providence, RI, USA, September
               23-27, 2007, Proceedings},
  pages     = {529--543},
  year      = {2007},
}

@misc{gurobi,
  author = "Gurobi Optimization, LLC",
  title = "Gurobi Optimizer Reference Manual",
  year = 2019,
  url = "http://www.gurobi.com"
}


@misc{
     gecode, author = "{Gecode Team}",
     title = "Gecode: Generic Constraint Development Environment",
     year = {2020},
     note = {Available from \texttt{http://www.gecode.org}}
}

@inproceedings{DBLP:conf/aips/BrafmanD08,
  author    = {Ronen I. Brafman and
               Carmel Domshlak},
  title     = {From One to Many: Planning for Loosely Coupled Multi-Agent Systems},
  booktitle = {Proceedings of the Eighteenth International Conference on Automated
               Planning and Scheduling, {ICAPS} 2008, Sydney, Australia, September
               14-18, 2008},
  pages     = {28--35},
  year      = {2008}
}

@article{PDDL,
author = {Ghallab, Malik and Knoblock, Craig and Wilkins, David and Barrett, Anthony and Christianson, Dave and Friedman, Marc and Kwok, Chung and Golden, Keith and Penberthy, Scott and Smith, David and Sun, Ying and Weld, Daniel},
year = {1998},
month = {08},
title = {PDDL - The Planning Domain Definition Language}
}

@article{STRIPS,
  author    = {Richard Fikes and
               Nils J. Nilsson},
  title     = {{STRIPS:} {A} New Approach to the Application of Theorem Proving to Problem Solving},
  journal   = {Artif. Intell.},
  volume    = {2},
  number    = {3/4},
  pages     = {189--208},
  year      = {1971},
}

@inproceedings{smyth2001similarity,
  author    = {Barry Smyth and
               Paul McClave},
  editor    = {David W. Aha and
               Ian D. Watson},
  title     = {Similarity vs. Diversity},
  booktitle = {Case-Based Reasoning Research and Development, 4th International Conference
               on Case-Based Reasoning, {ICCBR} 2001, Vancouver, BC, Canada, July
               30 - August 2, 2001, Proceedings},
  series    = {Lecture Notes in Computer Science},
  volume    = {2080},
  pages     = {347--361},
  publisher = {Springer},
  year      = {2001},
}

@inproceedings{Coman2011GeneratingMetrics,
  author    = {Alexandra Coman and
               Hector Mu{\~{n}}oz{-}Avila},
  editor    = {Wolfram Burgard and
               Dan Roth},
  title     = {Generating Diverse Plans Using Quantitative and Qualitative Plan Distance
               Metrics},
  booktitle = {Proceedings of the Twenty-Fifth {AAAI} Conference on Artificial Intelligence,
               {AAAI} 2011, San Francisco, California, USA, August 7-11, 2011},
  publisher = {{AAAI} Press},
  year      = {2011},
}

@article{Hoffmann2004OrderedPlanning,
  author    = {J{\"{o}}rg Hoffmann and
               Julie Porteous and
               Laura Sebastia},
  title     = {Ordered Landmarks in Planning},
  journal   = {J. Artif. Intell. Res.},
  volume    = {22},
  pages     = {215--278},
  year      = {2004},
}